<?xml version="1.0" encoding="UTF-8"?>
<collection xmlns:xsi="http://www.w3.org/2001/XMLSchema-instance" xsi:schemaLocation="http://www.loc.gov/MARC21/slim http://www.loc.gov/standards/marcxml/schema/MARC21slim.xsd" xmlns="http://www.loc.gov/MARC21/slim">
<record>
  <leader>01213cam a2200277 a 4500</leader>
  <controlfield tag="001">3073915</controlfield>
  <controlfield tag="003">NNC</controlfield>
  <controlfield tag="005">20130426015613.0</controlfield>
  <controlfield tag="008">900719m19081909ua            000 0caraod</controlfield>
  <datafield tag="035" ind1=" " ind2=" ">
    <subfield code="a">(OCoLC)ocm22102560</subfield>
  </datafield>
  <datafield tag="035" ind1=" " ind2=" ">
    <subfield code="9">ATP7065CU</subfield>
  </datafield>
  <datafield tag="035" ind1=" " ind2=" ">
    <subfield code="a">(NNC)3073915</subfield>
  </datafield>
  <datafield tag="040" ind1=" " ind2=" ">
    <subfield code="a">CLE</subfield>
    <subfield code="c">CLE</subfield>
    <subfield code="d">UUM</subfield>
    <subfield code="d">OCL</subfield>
    <subfield code="d">ZCU</subfield>
  </datafield>
  <datafield tag="099" ind1=" " ind2=" ">
    <subfield code="a">893.74</subfield>
    <subfield code="a">Su97</subfield>
  </datafield>
  <datafield tag="100" ind1="0" ind2=" ">
    <subfield code="a">Suyūṭī,</subfield>
    <subfield code="d">1445-1505.</subfield>
  </datafield>
  <datafield tag="240" ind1="1" ind2="0">
    <subfield code="a">Bughyat al-wuʻāh fī ṭabaqāt al-lughawīyīn wa-al-nuḥāh</subfield>
  </datafield>
  <datafield tag="245" ind1="1" ind2="0">
    <subfield code="a">Kitāb bughyat al-wuʻāh fī ṭabaqāt al-lughawīyīn wa-al-nuḥāh /</subfield>
    <subfield code="c">taʾlīf Jalāl al-Dīn ʻAbd al-Raḥmān al-Suyūṭī ; ʻuniya bi-taṣḥīḥihi Muḥammad Amīn al-Khānjī bi-qirāʾatihi ʻalá Aḥmad ibn al-Amīn al-Shinqīṭī.</subfield>
  </datafield>
  <datafield tag="250" ind1=" " ind2=" ">
    <subfield code="a">al-Ṭabʻah 1.</subfield>
  </datafield>
  <datafield tag="260" ind1=" " ind2=" ">
    <subfield code="a">[Cairo] :</subfield>
    <subfield code="b">[s.n],</subfield>
    <subfield code="c">1326 [1908-09]</subfield>
    <subfield code="e">(Miṣr :</subfield>
    <subfield code="f">Maṭbaʻat al-Saʻādah)</subfield>
  </datafield>
  <datafield tag="300" ind1=" " ind2=" ">
    <subfield code="a">461 p. ;</subfield>
    <subfield code="c">28 cm.</subfield>
  </datafield>
  <datafield tag="650" ind1=" " ind2="0">
    <subfield code="a">Linguists</subfield>
    <subfield code="z">Arab countries</subfield>
    <subfield code="v">Biography.</subfield>
  </datafield>
  <datafield tag="650" ind1=" " ind2="0">
    <subfield code="a">Linguists</subfield>
    <subfield code="z">Islamic countries</subfield>
    <subfield code="v">Biography.</subfield>
  </datafield>
  <datafield tag="650" ind1=" " ind2="0">
    <subfield code="a">Arabic language</subfield>
    <subfield code="x">Grammar</subfield>
    <subfield code="x">History.</subfield>
  </datafield>
  <datafield tag="700" ind1="1" ind2=" ">
    <subfield code="a">Khānjī, Muḥammad Amīn,</subfield>
    <subfield code="d">1865 or 1866-1939 or 1940.</subfield>
  </datafield>
  <datafield tag="700" ind1="1" ind2=" ">
    <subfield code="a">Shinqīṭī, Aḥmad ibn al-Amīn,</subfield>
    <subfield code="d">-1912 or 1913.</subfield>
  </datafield>
  <datafield tag="955" ind1=" " ind2=" ">
    <subfield code="b">CU58883843</subfield>
    <subfield code="d">off,glx</subfield>
    <subfield code="e">893.74 Su97</subfield>
  </datafield>
</record>
</collection>